@article{dorigo2005xrootd,
	title={XROOTD-A Highly scalable architecture for data access},
	author={Dorigo, Alvise and Elmer, Peter and Furano, Fabrizio and Hanushevsky, Andrew},
	journal={WSEAS Transactions on Computers},
	volume={1},
	number={4.3},
	year={2005},
	publisher={Citeseer}
}

@inproceedings{pordes2007open,
	title={The open science grid},
	author={Pordes, Ruth and Petravick, Don and Kramer, Bill and Olson, Doug and Livny, Miron and Roy, Alain and Avery, Paul and Blackburn, Kent and Wenaus, Torre and W{\"u}rthwein, Frank and others},
	booktitle={Journal of Physics: Conference Series},
	volume={78},
	number={1},
	pages={012057},
	year={2007},
	organization={IOP Publishing}
}

@techreport{housley1998internet,
	title={Internet X. 509 public key infrastructure certificate and CRL profile},
	author={Housley, Russell and Ford, Warwick and Polk, William and Solo, David},
	institution={The Internet Society},
	year={1998}
}

@inproceedings{buncic2010cernvm,
	title={CernVM--a virtual software appliance for LHC applications},
	author={Buncic, Predrag and Sanchez, C Aguado and Blomer, Jakob and Franco, Leandro and Harutyunian, Artem and Mato, Pere and Yao, Yushu},
	booktitle={Journal of Physics: Conference Series},
	volume={219},
	pages={042003},
	year={2010},
	organization={IOP Publishing}
}

@article{condor-practice, 
	author    = "Douglas Thain and Todd Tannenbaum and Miron Livny",
	title     = "Distributed computing in practice: the Condor experience.",
	journal   = "Concurrency - Practice and Experience",
	volume    = "17",
	number    = "2-4",
	year      = "2005",
	pages     = "323-356",
}

@misc{scitokens-lib,
	author       = {Derek Weitzel and
	Brian Bockelman},
	title        = {{scitokens/scitokens: Use scope attribute, updated 
	from scp}},
	month        = jul,
	year         = 2018,
	doi          = {10.5281/zenodo.1308902},
	url          = {https://doi.org/10.5281/zenodo.1308902}
}

@inproceedings{withers2018scitokens,
	title={SciTokens: Capability-Based Secure Access to Remote Scientific Data},
	author={Withers, Alex and Bockelman, Brian and Weitzel, Derek and Brown, Duncan and Gaynor, Jeff and Basney, Jim and Tannenbaum, Todd and Miller, Zach},
	journal={arXiv preprint arXiv:1807.04728},
	booktitle={PEARC â€™18: Practice and Experience in Advanced Research Computing},
	year={2018},
	url          = {https://doi.org/10.1145/3219104}
}

@techreport{jones2015json,
	title={Json web token (jwt)},
	author={Jones, Michael and Bradley, John and Sakimura, Nat},
	year={2015},
	institution={IETF},
	url={https://tools.ietf.org/html/rfc7519},
}

@article{dawes2009boost,
	title={Boost C++ libraries},
	author={Dawes, Beman and Abrahams, David and Rivera, Rene and others},
	journal={URL http://www. boost. org},
	volume={35},
	pages={36},
	year={2009}
}

@techreport{jones2012oauth,
	title={The oauth 2.0 authorization framework: Bearer token usage},
	author={Jones, Michael and Hardt, Dick},
	year={2012},
	institution={IETF},
	url={https://tools.ietf.org/html/rfc6750},
}

@techreport{josefsson2006base16,
	title={The base16, base32, and base64 data encodings},
	author={Josefsson, Simon},
	year={2006},
	institution={IETF},
	url={https://tools.ietf.org/html/rfc4648},
}

@techreport{hardt2012oauth,
	title={The OAuth 2.0 authorization framework},
	author={Hardt, Dick},
	year={2012},
	institution={IETF},
	url={https://www.rfc-editor.org/rfc/rfc6749.txt}
}

@misc{xrootd-scitokens,
	author       = {Brian Bockelman and
	Derek Weitzel},
	title        = {{scitokens/xrootd-scitokens: Flexible Authorization 
	Handling}},
	month        = mar,
	year         = 2018,
	doi          = {10.5281/zenodo.1206218},
	url          = {https://doi.org/10.5281/zenodo.1206218}
}

